@book{Aho:72,
    author  = {Alfred V. Aho and Jeffrey D. Ullman},
    title   = {The Theory of Parsing, Translation and Compiling},
    year    = "1972",
    volume  = "1",
    publisher = {Prentice-Hall},
    address = {Englewood Cliffs, NJ}
}

@book{APA:83,
    author  = {{American Psychological Association}},
    title   = {Publications Manual},
    year    = "1983",
   publisher = {American Psychological Association},
   address = {Washington, DC}
}

@article{ACM:83,
	year = "1983",
	author = {{Association for Computing Machinery}},
	journal = {Computing Reviews},
	volume = "24",
	number = "11",
	pages = "503--512"
}

@article{BojanowskiGJM17,
  author    = {Piotr Bojanowski and
               Edouard Grave and
               Armand Joulin and
               Tomas Mikolov},
  title     = {Enriching Word Vectors with Subword Information},
  journal   = {{TACL}},
  volume    = {5},
  pages     = {135--146},
  year      = {2017}
}

@article{Chandra:81,
	author = {Ashok K. Chandra and Dexter C. Kozen and Larry J. Stockmeyer},
	year = "1981",
	title = {Alternation},
	journal = {Journal of the Association for Computing Machinery},
	volume = "28",
	number = "1",
	pages = "114--133",
	doi = "10.1145/322234.322243",
}

@inproceedings{ChoMGBBSB14,
  author    = {Kyunghyun Cho and
               Bart van Merrienboer and
               {\c{C}}aglar G{\"{u}}l{\c{c}}ehre and
               Dzmitry Bahdanau and
               Fethi Bougares and
               Holger Schwenk and
               Yoshua Bengio},
  title     = {Learning Phrase Representations using {RNN} Encoder-Decoder for Statistical
               Machine Translation},
  booktitle = {Proceedings of the 2014 Conference on Empirical Methods in Natural
               Language Processing, {EMNLP} 2014, October 25-29, 2014, Doha, Qatar,
               {A} meeting of SIGDAT, a Special Interest Group of the {ACL}},
  pages     = {1724--1734},
  year      = {2014},
  doi       = {10.3115/v1/d14-1179},
}

@inproceedings{opennmt,
  author    = {Guillaume Klein and
               Yoon Kim and
               Yuntian Deng and
               Jean Senellart and
               Alexander M. Rush},
  title     = {OpenNMT: Open-Source Toolkit for Neural Machine Translation},
  booktitle = {Proc. ACL},
  year      = {2017},
  url       = {https://doi.org/10.18653/v1/P17-4012},
  doi       = {10.18653/v1/P17-4012}
}

@book{Gusfield:97,
    author  = {Dan Gusfield},
    title   = {Algorithms on Strings, Trees and Sequences},
    year    = "1997",
    publisher = {Cambridge University Press},
    address = {Cambridge, UK}
}

@InProceedings{P16-1001,
  author =	{Goodman, James
  	 and Vlachos, Andreas
	     and Naradowsky, Jason},
  title =    "Noise reduction and targeted exploration in imitation learning for      Abstract Meaning Representation parsing    ",
  booktitle = 	    "Proceedings of the 54th Annual Meeting of the Association for      Computational Linguistics (Volume 1: Long Papers)    ",
  year =    "2016",
  publisher =	"Association for Computational Linguistics",
  pages =   "1--11",
  location =	"Berlin, Germany",
  doi =    "10.18653/v1/P16-1001",
  url =    "http://aclweb.org/anthology/P16-1001"
}

@InProceedings{C14-1001,
  author =	"Harper, Mary",
  title = 	"Learning from 26 Languages: Program Management and Science in the Babel Program",
  booktitle = 	"Proceedings of COLING 2014, the 25th International Conference on Computational Linguistics: Technical Papers",
  year =    "2014",
  publisher =	"Dublin City University and Association for Computational Linguistics",
  pages =   "1",
  location =	"Dublin, Ireland",
  url =    "http://aclweb.org/anthology/C14-1001"
}

@inproceedings{thomason2015learning,
  title={Learning to interpret natural language commands through human-robot dialog},
  author={Thomason, Jesse and Zhang, Shiqi and Mooney, Raymond J and Stone, Peter},
  booktitle={Twenty-Fourth International Joint Conference on Artificial Intelligence},
  year={2015}
}

@phdthesis{thomason2018continually,
  title={Continually improving grounded natural language understanding through human-robot dialog},
  author={Thomason, Jesse David and others},
  year={2018}
}


@article{thomason2019improving,
  title={Improving Grounded Natural Language Understanding through Human-Robot Dialog},
  author={Thomason, Jesse and Padmakumar, Aishwarya and Sinapov, Jivko and Walker, Nick and Jiang, Yuqian and Yedidsion, Harel and Hart, Justin and Stone, Peter and Mooney, Raymond J},
  journal={arXiv preprint arXiv:1903.00122},
  year={2019}
}

@article{artzi2013weakly,
  title={Weakly supervised learning of semantic parsers for mapping instructions to actions},
  author={Artzi, Yoav and Zettlemoyer, Luke},
  journal={Transactions of the Association for Computational Linguistics},
  volume={1},
  pages={49--62},
  year={2013},
  publisher={MIT Press}
}

@inproceedings{ross2018grounding,
  title={Grounding language acquisition by training semantic parsers using captioned videos},
  author={Ross, Candace and Barbu, Andrei and Berzak, Yevgeni and Myanganbayar, Battushig and Katz, Boris},
  booktitle={Proceedings of the 2018 Conference on Empirical Methods in Natural Language Processing},
  pages={2647--2656},
  doi= {10.18653/v1/d18-1285},
  year={2018}
}

@inproceedings{kollar2013toward,
  title={Toward Interactive Grounded Language Acqusition.},
  author={Kollar, Thomas and Krishnamurthy, Jayant and Strimel, Grant P},
  booktitle={Robotics: Science and systems},
  volume={1},
  pages={721--732},
  year={2013}
}

@inproceedings{matuszek2013learning,
  title={Learning to parse natural language commands to a robot control system},
  author={Matuszek, Cynthia and Herbst, Evan and Zettlemoyer, Luke and Fox, Dieter},
  booktitle={Experimental Robotics},
  pages={403--415},
  year={2013},
  organization={Springer}
}

@article{wang2016learning,
  title={Learning language games through interaction},
  author={Wang, Sida I and Liang, Percy and Manning, Christopher D},
  journal={arXiv preprint arXiv:1606.02447},
  doi       = {10.18653/v1/p16-1224},
  year={2016}
}

@article{wang2017naturalizing,
  title={Naturalizing a programming language via interactive learning},
  author={Wang, Sida I and Ginn, Samuel and Liang, Percy and Manning, Christoper D},
  editor    = {Regina Barzilay and
               Min{-}Yen Kan},
  booktitle = {Proceedings of the 55th Annual Meeting of the Association for Computational
               Linguistics, {ACL} 2017, Vancouver, Canada, July 30 - August 4, Volume
               1: Long Papers},
  pages     = {929--938},
  publisher = {Association for Computational Linguistics},
  year      = {2017},
  doi       = {10.18653/v1/P17-1086},
  year={2017}
}

@article{liang2013learning,
  title={Learning dependency-based compositional semantics},
  author={Liang, Percy and Jordan, Michael I and Klein, Dan},
  journal={Computational Linguistics},
  volume={39},
  number={2},
  pages={389--446},
  year={2013},
  doi       = {10.1162/COLI\_a\_00127},
  publisher={MIT Press}
}


@article{krishnamurthy2013jointly,
  title={Jointly learning to parse and perceive: Connecting natural language to the physical world},
  author={Krishnamurthy, Jayant and Kollar, Thomas},
  journal={Transactions of the Association for Computational Linguistics},
  volume={1},
  pages={193--206},
  year={2013},
  publisher={MIT Press}
}


@inproceedings{tellex2011understanding,
  title={Understanding natural language commands for robotic navigation and mobile manipulation},
  author={Tellex, Stefanie and Kollar, Thomas and Dickerson, Steven and Walter, Matthew R and Banerjee, Ashis Gopal and Teller, Seth and Roy, Nicholas},
  booktitle={Twenty-Fifth AAAI Conference on Artificial Intelligence},
  year={2011}
}

@article{guu2017language,
  title={From language to programs: Bridging reinforcement learning and maximum marginal likelihood},
  author={Guu, Kelvin and Pasupat, Panupong and Liu, Evan Zheran and Liang, Percy},
  journal={arXiv preprint arXiv:1704.07926},
  doi       = {10.18653/v1/P17-1097},
  year={2017}
}

@article{long2016simpler,
  title={Simpler context-dependent logical forms via model projections},
  author={Long, Reginald and Pasupat, Panupong and Liang, Percy},
  journal={arXiv preprint arXiv:1606.05378},
  doi       = {10.18653/v1/p16-1138},
  year={2016}
}

@article{zhong2017seq2sql,
  title={Seq2sql: Generating structured queries from natural language using reinforcement learning},
  author={Zhong, Victor and Xiong, Caiming and Socher, Richard},
  journal={arXiv preprint arXiv:1709.00103},
  year={2017}
}

@article{karamcheti2017tale,
  title={A tale of two DRAGGNs: A hybrid approach for interpreting action-oriented and goal-oriented instructions},
  author={Karamcheti, Siddharth and Williams, Edward C and Arumugam, Dilip and Rhee, Mina and Gopalan, Nakul and Wong, Lawson LS and Tellex, Stefanie},
  journal={arXiv preprint arXiv:1707.08668},
  doi       = {10.18653/v1/w17-2809},
  year={2017}
}

@article{suhr2018situated,
  title={Situated mapping of sequential instructions to actions with single-step reward observation},
  author={Suhr, Alane and Artzi, Yoav},
  journal={arXiv preprint arXiv:1805.10209},
  doi       = {10.18653/v1/P18-1193},
  year={2018}
}

@article{dong2016language,
  title={Language to logical form with neural attention},
  author={Dong, Li and Lapata, Mirella},
  journal={arXiv preprint arXiv:1601.01280},
  doi       = {10.18653/v1/p16-1004},
  year={2016}
}

@article{neelakantan2016learning,
  title={Learning a natural language interface with neural programmer},
  author={Neelakantan, Arvind and Le, Quoc V and Abadi, Martin and McCallum, Andrew and Amodei, Dario},
  journal={arXiv preprint arXiv:1611.08945},
  year={2016}
}

@article{jia2016data,
  title={Data recombination for neural semantic parsing},
  author={Jia, Robin and Liang, Percy},
  journal={arXiv preprint arXiv:1606.03622},
  doi       = {10.18653/v1/p16-1002},
  year={2016}
}

@article{liang2016neural,
  title={Neural symbolic machines: Learning semantic parsers on freebase with weak supervision},
  author={Liang, Chen and Berant, Jonathan and Le, Quoc and Forbus, Kenneth D and Lao, Ni},
  journal={arXiv preprint arXiv:1611.00020},
  doi       = {10.18653/v1/P17-1003},
  year={2016}
}

@article{riedel2016programming,
  title={Programming with a differentiable forth interpreter},
  author={Riedel, Sebastian and Bosnjak, Matko and Rockt{\"a}schel, Tim},
  journal={CoRR, abs/1605.06640},
  year={2016}
}

@inproceedings{tang2001using,
  title={Using multiple clause constructors in inductive logic programming for semantic parsing},
  author={Tang, Lappoon R and Mooney, Raymond J},
  booktitle={European Conference on Machine Learning},
  pages={466--477},
  year={2001},
  doi       = {10.1007/3-540-44795-4\_40},
  organization={Springer}
}

@article{Boye2006RobustSL,
  title={Robust spoken language understanding in a computer game},
  author={Johan Boye and Joakim Gustafson and Mats Wir{\'e}n},
  journal={Speech Commun.},
  year={2006},
  volume={48},
  doi       = {10.1016/j.specom.2005.06.015},
  pages={335-353}
}

@inproceedings{price1990evaluation,
  title={Evaluation of spoken language systems: The ATIS domain},
  author={Price, Patti J},
  booktitle={Speech and Natural Language: Proceedings of a Workshop Held at Hidden Valley, Pennsylvania, June 24-27, 1990},
  year={1990}
}

@inproceedings{cai2013large,
  title={Large-scale semantic parsing via schema matching and lexicon extension},
  author={Cai, Qingqing and Yates, Alexander},
  booktitle={Proceedings of the 51st Annual Meeting of the Association for Computational Linguistics (Volume 1: Long Papers)},
  volume={1},
  pages={423--433},
  year={2013}
}


@inproceedings{wang2015building,
  title={Building a semantic parser overnight},
  author={Wang, Yushi and Berant, Jonathan and Liang, Percy},
  booktitle={Proceedings of the 53rd Annual Meeting of the Association for Computational Linguistics and the 7th International Joint Conference on Natural Language Processing (Volume 1: Long Papers)},
  volume={1},
  pages={1332--1342},
  doi       = {10.3115/v1/p15-1129},
  year={2015}
}

@inproceedings{kitaev2017misty,
  title={Where is misty? interpreting spatial descriptors by modeling regions in space},
  author={Kitaev, Nikita and Klein, Dan},
  booktitle={Proceedings of the 2017 Conference on Empirical Methods in Natural Language Processing},
  pages={157--166},
  doi       = {10.18653/v1/d17-1015},
  year={2017}
}

@article{shu2017hierarchical,
  title={Hierarchical and Interpretable Skill Acquisition in Multi-task Reinforcement Learning},
  author={Shu, Tianmin and Xiong, Caiming and Socher, Richard},
  journal={arXiv preprint arXiv:1712.07294},
  year={2017}
}

@techreport{udagawa2016fighting,
  title={Fighting Zombies in Minecraft With Deep Reinforcement Learning},
  author={Udagawa, Hiroto and Narasimhan, Tarun and Lee, Shim-Young},
  year={2016},
  institution={Technical report, Stanford University}
}

@article{alaniz2018deep,
  title={Deep Reinforcement Learning with Model Learning and Monte Carlo Tree Search in Minecraft},
  author={Alaniz, Stephan},
  journal={arXiv preprint arXiv:1803.08456},
  year={2018}
}

@article{oh2016control,
  title={Control of memory, active perception, and action in minecraft},
  author={Oh, Junhyuk and Chockalingam, Valliappa and Singh, Satinder and Lee, Honglak},
  journal={arXiv preprint arXiv:1605.09128},
  year={2016}
}

@article{oh2017zero,
  title={Zero-shot task generalization with multi-task deep reinforcement learning},
  author={Oh, Junhyuk and Singh, Satinder and Lee, Honglak and Kohli, Pushmeet},
  journal={arXiv preprint arXiv:1706.05064},
  year={2017}
}

@inproceedings{tessler2017deep,
  title={A Deep Hierarchical Approach to Lifelong Learning in Minecraft.},
  author={Tessler, Chen and Givony, Shahar and Zahavy, Tom and Mankowitz, Daniel J and Mannor, Shie},
  booktitle={AAAI},
  volume={3},
  pages={6},
  year={2017}
}

@inproceedings{yi2018neural,
  title={Neural-symbolic vqa: Disentangling reasoning from vision and language understanding},
  author={Yi, Kexin and Wu, Jiajun and Gan, Chuang and Torralba, Antonio and Kohli, Pushmeet and Tenenbaum, Josh},
  booktitle={Advances in Neural Information Processing Systems},
  pages={1039--1050},
  year={2018}
}

@article{bos2007spoken,
  title={A spoken language interface with a mobile robot},
  author={Bos, Johan and Oka, Tetsushi},
  journal={Artificial Life and Robotics},
  volume={11},
  number={1},
  pages={42--47},
  year={2007},
  publisher={Springer}
}

@inproceedings{johnson2016malmo,
  title={The Malmo Platform for Artificial Intelligence Experimentation.},
  author={Johnson, Matthew and Hofmann, Katja and Hutton, Tim and Bignell, David},
  booktitle={IJCAI},
  pages={4246--4247},
  year={2016}
}

@article{allison2018players,
  title={How Players Speak to an Intelligent Game Character Using Natural Language Messages},
  author={Allison, Fraser and Luger, Ewa and Hofmann, Katja},
  journal={Transactions of the Digital Games Research Association},
  volume={4},
  number={2},
  year={2018}
}

@inproceedings{kollar2018alexa,
  title={The alexa meaning representation language},
  author={Kollar, Thomas and Berry, Danielle and Stuart, Lauren and Owczarzak, Karolina and Chung, Tagyoung and Mathias, Lambert and Kayser, Michael and Snow, Bradford and Matsoukas, Spyros},
  booktitle={Proceedings of the 2018 Conference of the North American Chapter of the Association for Computational Linguistics: Human Language Technologies, Volume 3 (Industry Papers)},
  volume={3},
  pages={177--184},
  doi       = {10.18653/v1/n18-3022},
  year={2018}
}

@InProceedings{Danescu-Niculescu-Mizil+Lee:11a,
  author={Cristian Danescu-Niculescu-Mizil and Lillian Lee},
  title={Chameleons in imagined conversations: 
  A new approach to understanding coordination of linguistic style in dialogs.},
  booktitle={Proceedings of the 
        Workshop on Cognitive Modeling and Computational Linguistics, ACL 2011},
  year={2011}
}

@article{lauria2001training,
  title={Training personal robots using natural language instruction},
  author={Lauria, Stanislao and Bugmann, Guido and Kyriacou, Theocharis and Bos, Johan and Klein, A},
  journal={IEEE Intelligent systems},
  volume={16},
  number={5},
  pages={38--45},
  year={2001},
  doi       = {10.1109/5254.956080},
  publisher={IEEE}
}

@article{guss2019minerlCompetition,
  title={The MineRL Competition on Sample Efficient Reinforcement Learning using Human Priors},
  author={Guss, William H and Codel, Cayden and Hofmann, Katja and Houghton, Brandon and Kuno, Noboru and Milani, Stephanie and Mohanty, Sharada and Liebana, Diego Perez and Salakhutdinov, Ruslan and Topin, Nicholay and others},
  journal={arXiv preprint arXiv:1904.10079},
  year={2019}
}

@article{guss2019minerl,
  title={MineRL: a large-scale dataset of minecraft demonstrations},
  author={Guss, William H and Houghton, Brandon and Topin, Nicholay and Wang, Phillip and Codel, Cayden and Veloso, Manuela and Salakhutdinov, Ruslan},
  journal={arXiv preprint arXiv:1907.13440},
  year={2019}
}

@inproceedings{ross-etal-2018-grounding,
    title = "Grounding language acquisition by training semantic parsers using captioned videos",
    author = "Ross, Candace  and
      Barbu, Andrei  and
      Berzak, Yevgeni  and
      Myanganbayar, Battushig  and
      Katz, Boris",
    booktitle = "Proceedings of the 2018 Conference on Empirical Methods in Natural Language Processing",
    month = oct # "-" # nov,
    year = "2018",
    address = "Brussels, Belgium",
    publisher = "Association for Computational Linguistics",
    url = "https://www.aclweb.org/anthology/D18-1285",
    doi = "10.18653/v1/D18-1285",
    pages = "2647--2656"
}

@article{gray2019craftassist,
  title={CraftAssist: A Framework for Dialogue-enabled Interactive Agents},
  author={Gray, Jonathan and Srinet, Kavya and Jernite, Yacine and Yu, Haonan and Chen, Zhuoyuan and Guo, Demi and Goyal, Siddharth and Zitnick, C Lawrence and Szlam, Arthur},
  journal={arXiv preprint arXiv:1907.08584},
  year={2019}
}

@inproceedings{yih2016value,
  title={The value of semantic parse labeling for knowledge base question answering},
  author={Yih, Wen-tau and Richardson, Matthew and Meek, Chris and Chang, Ming-Wei and Suh, Jina},
  booktitle={Proceedings of the 54th Annual Meeting of the Association for Computational Linguistics (Volume 2: Short Papers)},
  pages={201--206},
  year={2016}
}

@article{devlin2018bert,
  title={Bert: Pre-training of deep bidirectional transformers for language understanding},
  author={Devlin, Jacob and Chang, Ming-Wei and Lee, Kenton and Toutanova, Kristina},
  journal={arXiv preprint arXiv:1810.04805},
  doi       = {10.18653/v1/n19-1423},
  year={2018}
}

@inproceedings{song2019mass,
  author    = {Kaitao Song and
               Xu Tan and
               Tao Qin and
               Jianfeng Lu and
               Tie{-}Yan Liu},
  title     = {{MASS:} Masked Sequence to Sequence Pre-training for Language Generation},
  booktitle = {Proceedings of the 36th International Conference on Machine Learning,
               {ICML} 2019, 9-15 June 2019, Long Beach, California, {USA}},
  pages     = {5926--5936},
  year      = {2019},
  url       = {http://proceedings.mlr.press/v97/song19d.html}
}

@article{sanh2019distilbert,
  author    = {Victor Sanh and
               Lysandre Debut and
               Julien Chaumond and
               Thomas Wolf},
  title     = {DistilBERT, a distilled version of {BERT:} smaller, faster, cheaper
               and lighter},
  journal   = {CoRR},
  volume    = {abs/1910.01108},
  year      = {2019},
  url       = {http://arxiv.org/abs/1910.01108},
  archivePrefix = {arXiv},
  eprint    = {1910.01108}
}

@article{yao2019interactive,
  author    = {Ziyu Yao and
               Yu Su and
               Huan Sun and
               Wen{-}tau Yih},
  title     = {Model-based Interactive Semantic Parsing: {A} Unified Framework and
               {A} Text-to-SQL Case Study},
  journal   = {CoRR},
  volume    = {abs/1910.05389},
  year      = {2019},
  url       = {http://arxiv.org/abs/1910.05389},
  archivePrefix = {arXiv},
  doi       = {10.18653/v1/D19-1547},
  eprint    = {1910.05389}
}


@article{hwang2019comprehensive,
  title={A Comprehensive Exploration on WikiSQL with Table-Aware Word Contextualization},
  author={Hwang, Wonseok and Yim, Jinyeung and Park, Seunghyun and Seo, Minjoon},
  journal={arXiv preprint arXiv:1902.01069},
  year={2019}
}

@article{wang2018transfer,
  title={A transfer-learnable natural language interface for databases},
  author={Wang, Wenlu and Tian, Yingtao and Xiong, Hongyu and Wang, Haixun and Ku, Wei-Shinn},
  journal={arXiv preprint arXiv:1809.02649},
  year={2018}
}

@article{sutskever2014sequence,
  title={Sequence to sequence learning with neural networks},
  author={Sutskever, I and Vinyals, O and Le, QV},
  journal={Advances in NIPS},
  year={2014}
}

@article{cho2014learning,
  title={Learning phrase representations using RNN encoder-decoder for statistical machine translation},
  author={Cho, Kyunghyun and Van Merri{\"e}nboer, Bart and Gulcehre, Caglar and Bahdanau, Dzmitry and Bougares, Fethi and Schwenk, Holger and Bengio, Yoshua},
  journal={arXiv preprint arXiv:1406.1078},
  year={2014}
}

@inproceedings{campagna2019genie,
  title={Genie: A generator of natural language semantic parsers for virtual assistant commands},
  author={Campagna, Giovanni and Xu, Silei and Moradshahi, Mehrad and Socher, Richard and Lam, Monica S},
  booktitle={Proceedings of the 40th ACM SIGPLAN Conference on Programming Language Design and Implementation},
  pages={394--410},
  year={2019}
}


@inproceedings{campagna2017almond,
  title={Almond: The architecture of an open, crowdsourced, privacy-preserving, programmable virtual assistant},
  author={Campagna, Giovanni and Ramesh, Rakesh and Xu, Silei and Fischer, Michael and Lam, Monica S},
  booktitle={Proceedings of the 26th International Conference on World Wide Web},
  pages={341--350},
  year={2017}
}
